<?xml version="1.0" encoding="UTF-8"?>
<record xmlns="http://www.loc.gov/MARC21/slim" xmlns:xsi="http://www.w3.org/2001/XMLSchema-instance" xsi:schemaLocation="http://www.loc.gov/MARC21/slim http://www.loc.gov/standards/marcxml/schema/MARC21slim.xsd">
<leader>00000nam a2200349 a 4500</leader>
<controlfield tag="001">001684637</controlfield>
<controlfield tag="003">NNU</controlfield>
<controlfield tag="005">20130315111832.0</controlfield>
<controlfield tag="008">000823s1893    ua            001 0 ara</controlfield>
<datafield tag="035" ind1="9" ind2=" ">
<subfield code="a">NYUb12228073</subfield>
</datafield>
<datafield tag="035" ind1=" " ind2=" ">
<subfield code="a">(NNU)NYUb12228073</subfield>
</datafield>
<datafield tag="040" ind1=" " ind2=" ">
<subfield code="a">UaCaAUL</subfield>
<subfield code="d">UaCaAUL</subfield>
</datafield>
<datafield tag="043" ind1=" " ind2=" ">
<subfield code="a">f-ua---</subfield>
</datafield>
<datafield tag="066" ind1=" " ind2=" ">
<subfield code="c">(3</subfield>
</datafield>
<datafield tag="090" ind1=" " ind2=" ">
<subfield code="a">DT51</subfield>
<subfield code="b">.I3</subfield>
</datafield>
<datafield tag="100" ind1="1" ind2=" ">
<subfield code="a">Ibn Duqmāq, Ibrāhīm ibn Muḥammad,</subfield>
<subfield code="d">d. 1407</subfield>
<subfield code="6">880-01</subfield>
</datafield>
<datafield tag="245" ind1="1" ind2="0">
<subfield code="6">880-02</subfield>
<subfield code="a">Kitāb al-intiṣār li-wāsiṭat ʻiqd al-amṣār /</subfield>
<subfield code="c">taʼlīf Ibrāhīm ibn Muḥammad ibn Aydmar al-ʻAlāʼī al-shahīr bi-Ibn Duqmāq.</subfield>
</datafield>
<datafield tag="246" ind1="1" ind2="5">
<subfield code="a">Description de lÉgypte</subfield>
</datafield>
<datafield tag="246" ind1="1" ind2="3">
<subfield code="6">880-03</subfield>
<subfield code="a">al-Juzʼ al-rābiʻ min kitāb al-Intiṣār li-wāsiṭat ʻiqd al-amṣār</subfield>
</datafield>
<datafield tag="250" ind1=" " ind2=" ">
<subfield code="6">880-04</subfield>
<subfield code="a">al-Ṭabʻah 1.</subfield>
</datafield>
<datafield tag="260" ind1=" " ind2=" ">
<subfield code="6">880-05</subfield>
<subfield code="a">Miṣr :</subfield>
<subfield code="b">al-Maṭbaʻah al-Kubrá al-Amīrīyah,</subfield>
<subfield code="c">1309 H [i.e. 1893]</subfield>
</datafield>
<datafield tag="300" ind1=" " ind2=" ">
<subfield code="a">1 v. various pagings ;</subfield>
<subfield code="c">24 cm.</subfield>
</datafield>
<datafield tag="500" ind1=" " ind2=" ">
<subfield code="a">Pref signed: Dr. Vollers.</subfield>
</datafield>
<datafield tag="651" ind1=" " ind2="0">
<subfield code="a">Egypt</subfield>
<subfield code="x">Description and travel</subfield>
<subfield code="v">Early works to 1800.</subfield>
</datafield>
<datafield tag="651" ind1=" " ind2="0">
<subfield code="a">Cairo (Egypt)</subfield>
<subfield code="x">Description and travel</subfield>
<subfield code="v">Early works to 1800.</subfield>
</datafield>
<datafield tag="700" ind1="1" ind2=" ">
<subfield code="a">Vollers, Karl,</subfield>
<subfield code="d">1857-1909</subfield>
<subfield code="6">880-06</subfield>
</datafield>
<datafield tag="880" ind1="1" ind2=" ">
<subfield code="6">100-01/</subfield>
<subfield code="a">ابن دقماق، ابراهيم بن محمد.</subfield>
</datafield>
<datafield tag="880" ind1="1" ind2="0">
<subfield code="6">245-02/</subfield>
<subfield code="a">كتاب الانتصار لواسطة عقد الأمصار /</subfield>
<subfield code="c">تأليف ابراهيم بن محمد بن ايدمر العلائي الشهير بإبن دقماق.</subfield>
</datafield>
<datafield tag="880" ind1="1" ind2="3">
<subfield code="6">246-03/</subfield>
<subfield code="a">الجزء الرابع من كتاب الانتصار لواسطة عقد الأمصار</subfield>
</datafield>
<datafield tag="880" ind1=" " ind2=" ">
<subfield code="6">250-04/</subfield>
<subfield code="a">الطبعة 1.</subfield>
</datafield>
<datafield tag="880" ind1=" " ind2=" ">
<subfield code="6">260-05/</subfield>
<subfield code="a">مصر :</subfield>
<subfield code="b">المطبعة الاميرية الكبرى،</subfield>
<subfield code="c">1309 ه [i.e. 1893]</subfield>
</datafield>
<datafield tag="880" ind1="1" ind2=" ">
<subfield code="6">700-06/</subfield>
<subfield code="a">فولرز، كارل،</subfield>
<subfield code="d">1857-1909.</subfield>
</datafield>
<datafield tag="OWN" ind1=" " ind2=" ">
<subfield code="a">GENERAL</subfield>
</datafield>
<datafield tag="AVA" ind1=" " ind2=" ">
<subfield code="a">NYU50</subfield>
<subfield code="b">BOBST</subfield>
<subfield code="c">Main Collection</subfield>
<subfield code="d">DT51 .I3</subfield>
<subfield code="e">unavailable</subfield>
<subfield code="t">Unavailable</subfield>
<subfield code="f">1</subfield>
<subfield code="g">1</subfield>
<subfield code="h">N</subfield>
<subfield code="i">1</subfield>
<subfield code="j">MAIN</subfield>
<subfield code="k">0</subfield>
</datafield>
</record>
